% example .bib file for use with projectpaper.tex

@article{deaths, title={Fatalities in the United States from Atlantic Tropical Cyclones: New Data and Interpretation}, volume={95}, DOI={10.1175/bams-d-12-00074.1}, number={3}, journal={Bulletin of the American Meteorological Society}, author={Rappaport, Edward N.}, year={2014}, pages={341-346}}

@article{costs, title={Future flood losses in major coastal cities}, volume={3}, DOI={10.1038/nclimate1979}, number={9}, journal={Nature Climate Change}, author={Hallegatte, Stephane and Green, Colin and Nicholls, Robert J. and Corfee-Morlot, Jan}, year={2013}, pages={802-806}}

@article{quirante, title={Rigorous design of distillation columns using surrogate models based on Kriging interpolation}, volume={61}, DOI={10.1002/aic.14798}, number={7}, journal={AIChE Journal}, author={Quirante, Natalia and Javaloyes, Juan and Caballero, José A.}, year={2015}, pages={2169-2187}}

@article{equation, title={The shallow water equations and their application to realistic cases}, volume={19}, DOI={10.1007/s10652-018-09657-7}, number={5}, journal={Environmental Fluid Mechanics}, author={García-Navarro, P. and Murillo, J. and Fernández-Pato, J. and Echeverribar, I. and Morales-Hernández, M.}, year={2019}, pages={1235-1252}}

@article{manning, title={Analysis of the Friction Term in the One-Dimensional Shallow-Water Model}, volume={133}, DOI={10.1061/(asce)0733-9429(2007)133:9(1048)}, number={9}, journal={Journal of Hydraulic Engineering}, author={Burguete, J. and García-Navarro, P. and Murillo, J. and García-Palacín, I.}, year={2007}, pages={1048-1063}}

@article{mcmcpopular, title={Identifiability of Parameters in MCMC Bayesian Inference of Phylogeny}, volume={51}, DOI={10.1080/10635150290102429}, number={5}, journal={Systematic Biology}, author={Rannala, Bruce}, year={2002}, pages={754-760}}

@article{tsunami, title={Uncertainty quantification and inference of Manning’s friction coefficients using DART buoy data during the Tōhoku tsunami}, volume={83}, DOI={10.1016/j.ocemod.2014.09.001}, journal={Ocean Modelling}, author={Sraj, Ihab and Mandli, Kyle T. and Knio, Omar M. and Dawson, Clint N. and Hoteit, Ibrahim}, year={2014}, pages={82-97}}

@article{krigingintro, title={Kriging for interpolation in random simulation}, volume={54}, DOI={10.1057/palgrave.jors.2601492}, number={3}, journal={Journal of the Operational Research Society}, author={van Beers, W C M and Kleijnen, J P C}, year={2003}, pages={255-262}}

@article{xiu, title={The Wiener--Askey Polynomial Chaos for Stochastic Differential Equations}, volume={24}, DOI={10.1137/s1064827501387826}, number={2}, journal={SIAM Journal on Scientific Computing}, author={Xiu, Dongbin and Karniadakis, George Em}, year={2002}, pages={619-644}}

@article{pckriging, title={POLYNOMIAL-CHAOS-BASED KRIGING}, volume={5}, DOI={10.1615/int.j.uncertaintyquantification.2015012467}, number={2}, journal={International Journal for Uncertainty Quantification}, author={Schobi, Roland and Sudret, Bruno and Wiart, Joe}, year={2015}, pages={171-193}}

@book{gpebook, place={Cambridge, Mass}, title={Gaussian processes for machine learning}, publisher={MIT Press}, author={Rasmussen, Carl Edward and Williams, Christopher K. I}, year={2008}}

@article{floodpaper, title={Bayesian calibration of a flood inundation model using spatial data}, volume={47}, DOI={10.1029/2009wr008541}, number={5}, journal={Water Resources Research}, author={Hall, Jim W. and Manning, Lucy J. and Hankin, Robin K. S.}, year={2011}}

@article{cfd, title={A Gaussian process emulator approach for rapid contaminant characterization with an integrated multizone-CFD model}, volume={70}, DOI={10.1016/j.buildenv.2013.08.023}, journal={Building and Environment}, author={Tagade, Piyush M. and Jeong, Byeong-Min and Choi, Han-Lim}, year={2013}, pages={232-244}}

@article{valid, title={Diagnostics for Gaussian Process Emulators}, volume={51}, DOI={10.1198/tech.2009.08019}, number={4}, journal={Technometrics}, author={Bastos, Leonardo S. and O’Hagan, Anthony}, year={2009}, pages={425-438}}

@article{mahalanobis,
  added-at = {2013-09-11T20:35:50.000+0200},
  author = {Mahalanobis, Prasanta Chandra},
  biburl = {https://www.bibsonomy.org/bibtex/2aef303a4aba53e4fcd7b0e58f7c205b6/thoni},
  interhash = {23e3d7fb895ac218d0c5cc52bd7af4d3},
  intrahash = {aef303a4aba53e4fcd7b0e58f7c205b6},
  journal = {Proceedings of the National Institute of Sciences (Calcutta)},
  keywords = {distance generalized mahalanobis},
  pages = {49--55},
  timestamp = {2016-09-06T08:23:07.000+0200},
  title = {On the generalized distance in statistics},
  volume = 2,
  year = 1936
}

@article{gpesens, title={Uncertainty analysis of a semi-distributed hydrologic model based on a Gaussian Process emulator}, volume={101}, DOI={10.1016/j.envsoft.2017.11.037}, journal={Environmental Modelling \& Software}, author={Yang, Jing and Jakeman, Anthony and Fang, Gonghuan and Chen, Xi}, year={2018}, pages={289-300}}

@article{xiu2, title={Uncertainty quantification for flow in highly heterogeneous porous media}, DOI={10.1016/s0167-5648(04)80092-3}, journal={Computational Methods in Water Resources: Volume 1}, author={Xiu, D. and Tartakovsky, D.M.}, year={2004}, pages={695-703}}

@article{pccost, title={Surrogate modeling for fast uncertainty quantification: Application to 2D population balance models}, volume={138}, DOI={10.1016/j.compchemeng.2020.106814}, journal={Computers \& Chemical Engineering}, author={Makrygiorgos, Georgios and Maggioni, Giovanni Maria and Mesbah, Ali}, year={2020}, pages={106814}}

@article{lar, title={Adaptive sparse polynomial chaos expansion based on least angle regression}, volume={230}, DOI={10.1016/j.jcp.2010.12.021}, number={6}, journal={Journal of Computational Physics}, author={Blatman, Géraud and Sudret, Bruno}, year={2011}, pages={2345-2367}}

@article{pcrmse, title={A polynomial chaos framework for probabilistic predictions of storm surge events}, volume={24}, DOI={10.1007/s10596-019-09898-5}, number={1}, journal={Computational Geosciences}, author={Sochala, Pierre and Chen, Chen and Dawson, Clint and Iskandarani, Mohamed}, year={2019}, pages={109-128}}

@article{pcadv, title={Process control of a dropwise additive manufacturing system for pharmaceuticals using polynomial chaos expansion based surrogate model}, volume={83}, DOI={10.1016/j.compchemeng.2015.07.014}, journal={Computers \& Chemical Engineering}, author={Içten, Elçin and Nagy, Zoltan K. and Reklaitis, Gintaras V.}, year={2015}, pages={221-231}}

@article{pckriging2, title={A new surrogate modeling technique combining Kriging and polynomial chaos expansions – Application to uncertainty analysis in computational dosimetry}, volume={286}, DOI={10.1016/j.jcp.2015.01.034}, journal={Journal of Computational Physics}, author={Kersaudy, Pierric and Sudret, Bruno and Varsier, Nadège and Picon, Odile and Wiart, Joe}, year={2015}, pages={103-117}}

@article{pckrigingext, title={A new surrogate modeling method combining polynomial chaos expansion and Gaussian kernel in a sparse Bayesian learning framework}, volume={120}, DOI={10.1002/nme.6145}, number={4}, journal={International Journal for Numerical Methods in Engineering}, author={Zhou, Yicheng and Lu, Zhenzhou and Cheng, Kai}, year={2019}, pages={498-516}}

@misc{clawpack,
    title={Clawpack software},
    author={{Clawpack Development Team}},
    url={http://www.clawpack.org},
    note={Version 5.7.1},
    doi={https://doi.org/10.5281/zenodo.4025432},
    year={2020}}

@article{mandli2016clawpack,
    title={Clawpack: building an open source ecosystem for solving hyperbolic PDEs},
    author={Mandli, Kyle T and Ahmadia, Aron J and Berger, Marsha and Calhoun, Donna
    and George, David L and Hadjimichael, Yiannis and Ketcheson, David I
    and Lemoine, Grady I and LeVeque, Randall J},
    journal={PeerJ Computer Science},
    volume={2},
    pages={e68},
    year={2016},
    publisher={PeerJ Inc.},
    doi={10.7717/peerj-cs.68} }
    
@article{geoclaw,
 Author = {M. J. Berger and D. L. George and R. J. LeVeque and K. T.  Mandli},
 Journal = {Adv. Water Res.},
 Pages = {1195-1206},
 Title = {The {GeoClaw} software for depth-averaged flows with adaptive refinement},
 Volume = {34},
 Year = {2011},
 Url = {\url{www.clawpack.org/links/papers/awr11}}}

@book{bayesbook, title={Data Analysis: A Bayesian Tutorial (Oxford science publications)}, publisher={Oxford University Press}, author={Sivia, D. S and Skilling, J}, year={2006}}

@phdthesis{phd, title={Sensitivity analysis, uncertainty quantification and parameter estimation for a numerical tide and storm surge model}, school={Imperial College London}, author={Warder, Simon Charles}, year={2020}}


