@article{deaths, title={Fatalities in the United States from Atlantic Tropical Cyclones: New Data and Interpretation}, volume={95}, DOI={10.1175/bams-d-12-00074.1}, number={3}, journal={Bulletin of the American Meteorological Society}, author={Rappaport, Edward N.}, year={2014}, pages={341-346}}

@article{costs, title={Future flood losses in major coastal cities}, volume={3}, DOI={10.1038/nclimate1979}, number={9}, journal={Nature Climate Change}, author={Hallegatte, Stephane and Green, Colin and Nicholls, Robert J. and Corfee-Morlot, Jan}, year={2013}, pages={802-806}}

@phdthesis{phd, title={Sensitivity analysis, uncertainty quantification and parameter estimation for a numerical tide and storm surge model}, school={Imperial College London}, author={Warder, Simon Charles}, year={2020}}
@misc{clawpack,
	title={Clawpack software},
	author={{Clawpack Development Team}},
	url={http://www.clawpack.org},
	note={Version 5.7.1},
	doi={https://doi.org/10.5281/zenodo.4025432},
	year={2020}}

@article{mandli2016clawpack,
	title={Clawpack: building an open source ecosystem for solving hyperbolic PDEs},
	author={Mandli, Kyle T and Ahmadia, Aron J and Berger, Marsha and Calhoun, Donna
	and George, David L and Hadjimichael, Yiannis and Ketcheson, David I
	and Lemoine, Grady I and LeVeque, Randall J},
	journal={PeerJ Computer Science},
	volume={2},
	pages={e68},
	year={2016},
	publisher={PeerJ Inc.},
	doi={10.7717/peerj-cs.68} }

@article{geoclaw,
	Author = {M. J. Berger and D. L. George and R. J. LeVeque and K. T.  Mandli},
	Journal = {Adv. Water Res.},
	Pages = {1195-1206},
	Title = {The {GeoClaw} software for depth-averaged flows with adaptive refinement},
	Volume = {34},
	Year = {2011},
	Url = {\url{www.clawpack.org/links/papers/awr11}}}

@article{tsunami, title={Uncertainty quantification and inference of Manning’s friction coefficients using DART buoy data during the Tōhoku tsunami}, volume={83}, DOI={10.1016/j.ocemod.2014.09.001}, journal={Ocean Modelling}, author={Sraj, Ihab and Mandli, Kyle T. and Knio, Omar M. and Dawson, Clint N. and Hoteit, Ibrahim}, year={2014}, pages={82-97}}

@article{pckriging, title={POLYNOMIAL-CHAOS-BASED KRIGING}, volume={5}, DOI={10.1615/int.j.uncertaintyquantification.2015012467}, number={2}, journal={International Journal for Uncertainty Quantification}, author={Schobi, Roland and Sudret, Bruno and Wiart, Joe}, year={2015}, pages={171-193}}